========
comment
========

;; This is some comment.

---

(file
  (comment))

===========================
comment before transaction
===========================

; Hi
2015-06-07 *
    Assets:Cash   1 USD
    Assets:Cash   -1 USD

---

(file
  (comment)
  (transaction
    (date)
    (txn)
    (posting
      (account)
      (incomplete_amount
        (number)
        (currency)))
    (posting
      (account)
      (incomplete_amount
        (unary_number_expr
          (minus)
          (number))
        (currency)))))

==========================
comment after transaction
==========================

2015-06-07 *
    Assets:Cash   1 USD
    Assets:Cash   -1 USD
  ; Hi

---

(file
  (transaction
    (date)
    (txn)
    (posting
      (account)
      (incomplete_amount
        (number)
        (currency)))
    (posting
      (account)
      (incomplete_amount
        (unary_number_expr
          (minus)
          (number))
        (currency)))
    (comment)))

========================
comment between posting
========================

2015-06-07 *
    Assets:Cash   1 USD
    ; Hi
    Assets:Cash   -1 USD

---

(file
  (transaction
    (date)
    (txn)
    (posting
      (account)
      (incomplete_amount
        (number)
        (currency)))
    (comment)
    (posting
      (account)
      (incomplete_amount
        (unary_number_expr
          (minus)
          (number))
        (currency)))))

======================
comment after posting
======================

2015-06-07 *
    Assets:Cash   1 USD    ; Hi
    Assets:Cash   -1 USD

---

(file
  (transaction
    (date)
    (txn)
    (posting
      (account)
      (incomplete_amount
        (number)
        (currency))
      (comment))
    (posting
      (account)
      (incomplete_amount
        (unary_number_expr
          (minus)
          (number))
        (currency)))))

================================
comment after transaction start
================================

2015-06-07 *     ; Hi
    Assets:Cash   1 USD
    Assets:Cash   -1 USD

---

(file
  (transaction
    (date)
    (txn)
    (comment)
    (posting
      (account)
      (incomplete_amount
        (number)
        (currency)))
    (posting
      (account)
      (incomplete_amount
        (unary_number_expr
          (minus)
          (number))
        (currency)))))

==============================
comment after balance start
==============================

1970-01-01 balance Assets:Checking 100 USD ; Blah
    imported: TRUE

---

(file
  (balance
    (date)
    (keyword_balance)
    (account)
    (amount_tolerance
      (number)
      (currency))
    (comment)
    (key_value
      (key)
      (value
        (bool)))))

====================================
comment in balance key value list
====================================

1970-01-01 balance Assets:Checking 100 USD
    ; Blah
    imported: TRUE
    ; Blah

---

(file
  (balance
    (date)
    (keyword_balance)
    (account)
    (amount_tolerance
      (number)
      (currency))
    (comment)
    (key_value
      (key)
      (value
        (bool)))
    (comment)))

==============================
comment after close start
==============================

1970-01-01 close Assets:Checking ; Blah
    reason: "Migrated"

---

(file
  (close
    (date)
    (keyword_close)
    (account)
    (comment)
    (key_value
      (key)
      (value
        (string)))))

====================================
comment in close key value list
====================================

1970-01-01 close Assets:Checking
    ; Blah
    reason: "migrated"
    ; Blah

---

(file
  (close
    (date)
    (keyword_close)
    (account)
    (comment)
    (key_value
      (key)
      (value
        (string)))
    (comment)))

==============================
comment after commodity start
==============================

1970-01-01 commodity USD ; Blah
    precision: 2

---

(file
  (commodity
    (date)
    (keyword_commodity)
    (currency)
    (comment)
    (key_value
      (key)
      (value
        (number)))))

====================================
comment in commodity key value list
====================================

1970-01-01 commodity USD
    ; Blah
    precision: 2
    ; Blah

---

(file
  (commodity
    (date)
    (keyword_commodity)
    (currency)
    (comment)
    (key_value
      (key)
      (value
        (number)))
    (comment)))

==============================
comment after open start
==============================

1970-01-01 open Assets:Checking USD "FIFO" ; Blah
    account-number: "12345"

---

(file
  (open
    (date)
    (keyword_open)
    (account)
    (currency)
    (opt_booking
      (string))
    (comment)
    (key_value
      (key)
      (value
        (string)))))

====================================
comment in open key value list
====================================

1970-01-01 open Assets:Checking USD "FIFO"
    ; Blah
    account-number: "12345"
    ; Blah

---

(file
  (open
    (date)
    (keyword_open)
    (account)
    (currency)
    (opt_booking
      (string))
    (comment)
    (key_value
      (key)
      (value
        (string)))
    (comment)))

========
comment
========

;; This is some comment.

---

(file
  (comment))

===========================
comment before transaction
===========================

; Hi
2015-06-07 *
    Assets:Cash   1 USD
    Assets:Cash   -1 USD

---

(file
  (comment)
  (transaction
    (date)
    (txn)
    (posting
      (account)
      (incomplete_amount
        (number)
        (currency)))
    (posting
      (account)
      (incomplete_amount
        (unary_number_expr
          (minus)
          (number))
        (currency)))))

==========================
comment after transaction
==========================

2015-06-07 *
    Assets:Cash   1 USD
    Assets:Cash   -1 USD
  ; Hi

---

(file
  (transaction
    (date)
    (txn)
    (posting
      (account)
      (incomplete_amount
        (number)
        (currency)))
    (posting
      (account)
      (incomplete_amount
        (unary_number_expr
          (minus)
          (number))
        (currency)))
    (comment)))

========================
comment between posting
========================

2015-06-07 *
    Assets:Cash   1 USD
    ; Hi
    Assets:Cash   -1 USD

---

(file
  (transaction
    (date)
    (txn)
    (posting
      (account)
      (incomplete_amount
        (number)
        (currency)))
    (comment)
    (posting
      (account)
      (incomplete_amount
        (unary_number_expr
          (minus)
          (number))
        (currency)))))

======================
comment after posting
======================

2015-06-07 *
    Assets:Cash   1 USD    ; Hi
    Assets:Cash   -1 USD

---

(file
  (transaction
    (date)
    (txn)
    (posting
      (account)
      (incomplete_amount
        (number)
        (currency))
      (comment))
    (posting
      (account)
      (incomplete_amount
        (unary_number_expr
          (minus)
          (number))
        (currency)))))

================================
comment after transaction start
================================

2015-06-07 *     ; Hi
    Assets:Cash   1 USD
    Assets:Cash   -1 USD

---

(file
  (transaction
    (date)
    (txn)
    (comment)
    (posting
      (account)
      (incomplete_amount
        (number)
        (currency)))
    (posting
      (account)
      (incomplete_amount
        (unary_number_expr
          (minus)
          (number))
        (currency)))))

==============================
comment after balance start
==============================

1970-01-01 balance Assets:Checking 100 USD ; Blah
    imported: TRUE

---

(file
  (balance
    (date)
    (keyword_balance)
    (account)
    (amount_tolerance
      (number)
      (currency))
    (comment)
    (key_value
      (key)
      (value
        (bool)))))

====================================
comment in balance key value list
====================================

1970-01-01 balance Assets:Checking 100 USD
    ; Blah
    imported: TRUE
    ; Blah

---

(file
  (balance
    (date)
    (keyword_balance)
    (account)
    (amount_tolerance
      (number)
      (currency))
    (comment)
    (key_value
      (key)
      (value
        (bool)))
    (comment)))

==============================
comment after close start
==============================

1970-01-01 close Assets:Checking ; Blah
    reason: "Migrated"

---

(file
  (close
    (date)
    (keyword_close)
    (account)
    (comment)
    (key_value
      (key)
      (value
        (string)))))

====================================
comment in close key value list
====================================

1970-01-01 close Assets:Checking
    ; Blah
    reason: "migrated"
    ; Blah

---

(file
  (close
    (date)
    (keyword_close)
    (account)
    (comment)
    (key_value
      (key)
      (value
        (string)))
    (comment)))

==============================
comment after commodity start
==============================

1970-01-01 commodity USD ; Blah
    precision: 2

---

(file
  (commodity
    (date)
    (keyword_commodity)
    (currency)
    (comment)
    (key_value
      (key)
      (value
        (number)))))

====================================
comment in commodity key value list
====================================

1970-01-01 commodity USD
    ; Blah
    precision: 2
    ; Blah

---

(file
  (commodity
    (date)
    (keyword_commodity)
    (currency)
    (comment)
    (key_value
      (key)
      (value
        (number)))
    (comment)))

==============================
comment after custom start
==============================

1970-01-01 custom "test" Assets:Checking "account number changed due to merger" ; Blah
    new-account-number: "123456789"
    old-account-number: "12345"

---

(file
  (custom
    (date)
    (keyword_custom)
    (string)
    (custom_value
      (account))
    (custom_value
      (string))
    (comment)
    (key_value
      (key)
      (value
        (string)))
    (key_value
      (key)
      (value
        (string)))))

====================================
comment in custom key value list
====================================

1970-01-01 custom "test" Assets:Checking "account number changed due to merger"
    ; Blah
    new-account-number: "123456789"
    ; Blah
    old-account-number: "12345"

---

(file
  (custom
    (date)
    (keyword_custom)
    (string)
    (custom_value
      (account))
    (custom_value
      (string))
    (comment)
    (key_value
      (key)
      (value
        (string)))
    (comment)
    (key_value
      (key)
      (value
        (string)))))

==============================
comment after document start
==============================

1970-01-01 document Assets:Checking "docs/notice.pdf" ; Blah
    new-account-number: "123456789"
    old-account-number: "12345"

---

(file
  (document
    (date)
    (keyword_document)
    (account)
    (filename
      (string))
    (comment)
    (key_value
      (key)
      (value
        (string)))
    (key_value
      (key)
      (value
        (string)))))

====================================
comment in document key value list
====================================

1970-01-01 document Assets:Checking "docs/notice.pdf"
    ; Blah
    new-account-number: "123456789"
    ; Blah
    old-account-number: "12345"

---

(file
  (document
    (date)
    (keyword_document)
    (account)
    (filename
      (string))
    (comment)
    (key_value
      (key)
      (value
        (string)))
    (comment)
    (key_value
      (key)
      (value
        (string)))))

==============================
comment after event start
==============================

1970-01-01 event "location" "test" ; Blah
    reason: "12345"

---

(file
  (event
    (date)
    (keyword_event)
    (string)
    (string)
    (comment)
    (key_value
      (key)
      (value
        (string)))))

====================================
comment in event key value list
====================================

1970-01-01 event "location" "test"
    ; Blah
    reason: "12345"
    ; Blah

---

(file
  (event
    (date)
    (keyword_event)
    (string)
    (string)
    (comment)
    (key_value
      (key)
      (value
        (string)))
    (comment)))

==============================
comment after note start
==============================

1970-01-01 note Assets:Checking "account number changed due to merger" ; Blah
    new-account-number: "123456789"
    old-account-number: "12345"

---

(file
  (note
    (date)
    (keyword_note)
    (account)
    (string)
    (comment)
    (key_value
      (key)
      (value
        (string)))
    (key_value
      (key)
      (value
        (string)))))

====================================
comment in note key value list
====================================

1970-01-01 note Assets:Checking "account number changed due to merger"
    ; Blah
    new-account-number: "123456789"
    ; Blah
    old-account-number: "12345"

---

(file
  (note
    (date)
    (keyword_note)
    (account)
    (string)
    (comment)
    (key_value
      (key)
      (value
        (string)))
    (comment)
    (key_value
      (key)
      (value
        (string)))))

==============================
comment after pad start
==============================

1970-01-01 pad Assets:Checking Equity:Opening-Balances ; Blah
    reason: "12345"

---

(file
  (pad
    (date)
    (keyword_pad)
    (account)
    (account)
    (comment)
    (key_value
      (key)
      (value
        (string)))))

====================================
comment in pad key value list
====================================

1970-01-01 pad Assets:Checking Equity:Opening-Balances
    ; Blah
    reason: "12345"
    ; Blah

---

(file
  (pad
    (date)
    (keyword_pad)
    (account)
    (account)
    (comment)
    (key_value
      (key)
      (value
        (string)))
    (comment)))

==============================
comment after price start
==============================

1970-01-01 price EUR 1.10 USD ; Blah
    import-date: 2023-05-01

---

(file
  (price
    (date)
    (keyword_price)
    (currency)
    (amount
      (number)
      (currency))
    (comment)
    (key_value
      (key)
      (value
        (date)))))

====================================
comment in price key value list
====================================

1970-01-01 price EUR 1.10 USD
    ; Blah
    import-date: 2023-05-01
    ; Blah

---

(file
  (price
    (date)
    (keyword_price)
    (currency)
    (amount
      (number)
      (currency))
    (comment)
    (key_value
      (key)
      (value
        (date)))
    (comment)))

==============================
comment after query start
==============================

1970-01-01 query "balances" "BALANCES" ; Blah
    last-update: 2023-05-01

---

(file
  (query
    (date)
    (keyword_query)
    (string)
    (string)
    (comment)
    (key_value
      (key)
      (value
        (date)))))

====================================
comment in query key value list
====================================

1970-01-01 query "balances" "BALANCES"
    ; Blah
    last-update: 2023-05-01
    ; Blah

---

(file
  (query
    (date)
    (keyword_query)
    (string)
    (string)
    (comment)
    (key_value
      (key)
      (value
        (date)))
    (comment)))
